<record><leader>00000cas a2200000 a 4500</leader><controlfield tag="001">26167630</controlfield><controlfield tag="008">920710c18749999iluwr ne      0   a0eng c</controlfield><datafield ind1=" " ind2=" " tag="010"><subfield code="a">sn 92053304 </subfield></datafield><datafield ind1=" " ind2=" " tag="040"><subfield code="a">NVF</subfield><subfield code="b">eng</subfield><subfield code="c">NVF</subfield><subfield code="d">OCL</subfield><subfield code="d">NVF</subfield><subfield code="d">CVF</subfield><subfield code="d">NVF</subfield><subfield code="d">OCLCQ</subfield><subfield code="d">OCLCF</subfield><subfield code="d">NVF</subfield><subfield code="d">OCLCO</subfield><subfield code="d">OCL</subfield></datafield><datafield ind1=" " ind2=" " tag="042"><subfield code="a">pcc</subfield></datafield><datafield ind1=" " ind2=" " tag="043"><subfield code="a">n-us-il</subfield></datafield><datafield ind1="0" ind2=" " tag="130"><subfield code="a">Fulton journal (Fulton, Ill.)</subfield></datafield><datafield ind1="1" ind2="0" tag="245"><subfield code="a">Fulton journal.</subfield></datafield><datafield ind1="1" ind2=" " tag="246"><subfield code="i">Published as:</subfield><subfield code="a">Evening journal</subfield><subfield code="f">Oct. 12-&lt;Nov. 30&gt;, 1923</subfield></datafield><datafield ind1="1" ind2=" " tag="246"><subfield code="i">Published as:</subfield><subfield code="a">Fulton journal and Whiteside investigator</subfield><subfield code="f">Aug. 21-Oct. 9, 1923</subfield></datafield><datafield ind1="1" ind2=" " tag="246"><subfield code="i">Published as:</subfield><subfield code="a">Evening journal and Whiteside investigator</subfield><subfield code="f">Oct. 12-16, 1923</subfield></datafield><datafield ind1=" " ind2=" " tag="260"><subfield code="a">City of Fulton, Ill. :</subfield><subfield code="b">W.C. Snyder,</subfield><subfield code="c">1874-</subfield></datafield><datafield ind1=" " ind2=" " tag="300"><subfield code="a">v.</subfield></datafield><datafield ind1=" " ind2=" " tag="310"><subfield code="a">Weekly,</subfield><subfield code="b">May 5, 1933-</subfield></datafield><datafield ind1=" " ind2=" " tag="321"><subfield code="a">Weekly,</subfield><subfield code="b">Feb. 20, 1874-Oct. 24, 1882</subfield></datafield><datafield ind1=" " ind2=" " tag="321"><subfield code="a">Semiweekly,</subfield><subfield code="b">Oct. 31, 1882-Apr. 28, 1933</subfield></datafield><datafield ind1="0" ind2=" " tag="362"><subfield code="a">Vol. 15, no. 38 (Feb. 20, 1874)- = old ser., v. 20, no. 38-</subfield></datafield><datafield ind1=" " ind2=" " tag="588"><subfield code="a">Latest issue consulted: Vol. 109, no. 45 (Dec. 26, 1962).</subfield></datafield><datafield ind1=" " ind2="0" tag="651"><subfield code="a">Fulton (Ill.)</subfield><subfield code="v">Newspapers.</subfield></datafield><datafield ind1=" " ind2="0" tag="651"><subfield code="a">Whiteside County (Ill.)</subfield><subfield code="v">Newspapers.</subfield></datafield><datafield ind1=" " ind2="7" tag="651"><subfield code="a">Illinois</subfield><subfield code="z">Whiteside County</subfield><subfield code="2">fast</subfield><subfield code="0">(OCoLC)fst01208395</subfield></datafield><datafield ind1=" " ind2="7" tag="651"><subfield code="a">Illinois</subfield><subfield code="z">Fulton.</subfield><subfield code="2">fast</subfield><subfield code="0">(OCoLC)fst01218681</subfield></datafield><datafield ind1=" " ind2="7" tag="655"><subfield code="a">Newspapers.</subfield><subfield code="2">fast</subfield><subfield code="0">(OCoLC)fst01423814</subfield></datafield><datafield ind1=" " ind2=" " tag="752"><subfield code="a">United States</subfield><subfield code="b">Illinois</subfield><subfield code="c">Whiteside</subfield><subfield code="d">Fulton.</subfield></datafield><datafield ind1="0" ind2="0" tag="780"><subfield code="a">Futon weekly journal (Fulton, Ill.)</subfield><subfield code="w">(DLC)sn 85033697</subfield><subfield code="w">(OCoLC)12174288</subfield></datafield><datafield ind1="1" ind2=" " tag="029"><subfield code="a">AU@</subfield><subfield code="b">000020228706</subfield></datafield></record>